<?xml version="1.0" encoding="UTF-8"?><collection xmlns="http://www.loc.gov/MARC21/slim"><record><leader>00349nam--2200121-i-4500</leader><controlfield tag="001">000016437</controlfield><controlfield tag="002">20161230</controlfield><controlfield tag="005">20161230201031</controlfield><controlfield tag="008">060222s1000------------r-----000-0-eng-d</controlfield><datafield ind1=" " ind2=" " tag="100"><subfield code="a">Patou, Claude</subfield></datafield><datafield ind1=" " ind2=" " tag="245"><subfield code="a">Contribution a l etude d une decharge electrique non cylindrique focalisante.these</subfield></datafield><datafield ind1=" " ind2=" " tag="260"><subfield code="a">Paris-sud,Universite,1973. 128 P</subfield></datafield><datafield ind1=" " ind2=" " tag="852"><subfield code="a">78250</subfield></datafield></record></collection>